<record><leader>00000cas a22000007a 4500</leader><controlfield tag="001">21256302</controlfield><controlfield tag="008">900322d19071962mnuwr ne      0    0eng d</controlfield><datafield ind1=" " ind2=" " tag="010"><subfield code="a">sn 90059076 </subfield></datafield><datafield ind1=" " ind2=" " tag="040"><subfield code="a">MN#</subfield><subfield code="b">eng</subfield><subfield code="c">MN#</subfield><subfield code="d">OCLCQ</subfield><subfield code="d">OCLCF</subfield><subfield code="d">OCLCO</subfield></datafield><datafield ind1=" " ind2=" " tag="042"><subfield code="a">msc</subfield></datafield><datafield ind1=" " ind2=" " tag="043"><subfield code="a">n-us-mn</subfield></datafield><datafield ind1=" " ind2=" " tag="052"><subfield code="a">4144</subfield><subfield code="b">M72</subfield><subfield code="b">B163</subfield></datafield><datafield ind1=" " ind2=" " tag="052"><subfield code="a">4143</subfield><subfield code="b">C2</subfield></datafield><datafield ind1="0" ind2=" " tag="130"><subfield code="a">Star gazette (Moose Lake, Minn. : 1907)</subfield></datafield><datafield ind1="1" ind2="0" tag="245"><subfield code="a">Star gazette.</subfield></datafield><datafield ind1=" " ind2=" " tag="260"><subfield code="a">Barnum [Minn.] ;</subfield><subfield code="a">Moose Lake [Minn.] :</subfield><subfield code="b">J.V. Barstow,</subfield><subfield code="c">1907-1962.</subfield></datafield><datafield ind1=" " ind2=" " tag="300"><subfield code="a">57 v.</subfield></datafield><datafield ind1=" " ind2=" " tag="310"><subfield code="a">Weekly</subfield></datafield><datafield ind1="0" ind2=" " tag="362"><subfield code="a">11th year, vol. 1 [i.e. no. 1] (Jan. 10, 1907)-67th year, no. 10 (Mar. 8, 1962).</subfield></datafield><datafield ind1=" " ind2=" " tag="515"><subfield code="a">Suspended Oct. 10, 1918-Dec. 19, 1918, due to fire.</subfield></datafield><datafield ind1=" " ind2=" " tag="515"><subfield code="a">Numbered also: 4th year, no. 1-59th year, no. 10.</subfield></datafield><datafield ind1=" " ind2=" " tag="530"><subfield code="a">Available on microfilm from the Minnesota Historical Society.</subfield></datafield><datafield ind1=" " ind2="0" tag="651"><subfield code="a">Moose Lake (Minn.)</subfield><subfield code="v">Newspapers.</subfield></datafield><datafield ind1=" " ind2="0" tag="651"><subfield code="a">Barnum (Minn.)</subfield><subfield code="v">Newspapers.</subfield></datafield><datafield ind1=" " ind2="7" tag="655"><subfield code="a">Newspapers.</subfield><subfield code="2">fast</subfield><subfield code="0">(OCoLC)fst01423814</subfield></datafield><datafield ind1=" " ind2="7" tag="651"><subfield code="a">Minnesota</subfield><subfield code="z">Barnum.</subfield><subfield code="2">fast</subfield><subfield code="0">(OCoLC)fst01256906</subfield></datafield><datafield ind1=" " ind2="7" tag="651"><subfield code="a">Minnesota</subfield><subfield code="z">Moose Lake.</subfield><subfield code="2">fast</subfield><subfield code="0">(OCoLC)fst01256770</subfield></datafield><datafield ind1=" " ind2=" " tag="752"><subfield code="a">United States</subfield><subfield code="b">Minnesota</subfield><subfield code="c">Carlton</subfield><subfield code="d">Moose Lake.</subfield></datafield><datafield ind1=" " ind2=" " tag="752"><subfield code="a">United States</subfield><subfield code="b">Minnesota</subfield><subfield code="c">Carlton</subfield><subfield code="d">Barnum.</subfield></datafield><datafield ind1="0" ind2="4" tag="780"><subfield code="t">Moose Lake star</subfield><subfield code="w">(DLC)sn 90059355</subfield></datafield><datafield ind1="0" ind2="4" tag="780"><subfield code="t">Barnum gazette</subfield></datafield><datafield ind1="0" ind2="0" tag="785"><subfield code="t">Moose Lake star gazette (Moose Lake, Minn. : 1962)</subfield><subfield code="w">(DLC)sn 90059077</subfield></datafield></record>